@book{dubois1988theorie115,
  title="Théorie des possibilités",
  subtitle="Applications à la représentation des connaissances en informatique",
  author="Dubois, D. and Prade, H.",
  isbn="9782225812736",
  series="Méthode + programmes",
  year="1988",
  publisher="Masson",
  note="Page 115",
  language={french}
}
@PhdThesis{sentz2002combination14,
author = {Sentz, Kari and Ferson, Scott},
title = {Combination of evidence in Dempster-Shafer theory},
school = {Binghamton University},
year = {2002},
note = {Page 14},
language={english}
}

